@article{art:voloshanenko2013wnt,
  title={Wnt secretion is required to maintain high levels of Wnt activity in colon cancer cells},
  author={Voloshanenko, Oksana and Erdmann, Gerrit and Dubash, Taronish D and Augustin, Iris and Metzig, Marie and Moffa, Giusi and Hundsrucker, Christian and Kerr, Grainne and Sandmann, Thomas and Anchang, Benedikt and others},
  journal={Nature communications},
  volume={4},
  year={2013},
  publisher={Nature Publishing Group}
}

@article {art:SadehMS2013,
    author = {Sadeh, Mohammad J. and Moffa, Giusi and Spang, Rainer},
    title = {Considering Unknown Unknowns - Reconstruction of Non-confoundable Causal Relations in Biological Networks},
    journal = {Journal of Computational Biology},
    volume = {20},
    pages = {920-932},
    year= {2013}
}

@article{art:Clevers2012,
title = {Wnt/$\beta$-Catenin Signaling and Disease},
journal = {Cell},
volume = {149},
number = {6},
pages = {1192 - 1205},
year = {2012},
doi = {http://dx.doi.org/10.1016/j.cell.2012.05.012},
author = {Hans Clevers and Roel Nusse}
}

@article{art:TCGAcrc2012,
  title={Comprehensive molecular characterization of human colon and rectal cancer},
  author={Muzny, Donna M and Bainbridge, Matthew N and Chang, Kyle and Dinh, Huyen H and Drummond, Jennifer A and Fowler, Gerald and Kovar, Christie L and Lewis, Lora R and Morgan, Margaret B and Newsham, Irene F and others},
  journal={Nature},
  volume={487},
  pages={330--337},
  year={2012}
}

@article{art:NajdiHW2011,
  title={Wnt signaling and colon carcinogenesis: beyond APC},
  author={Najdi, Rani and Holcombe, Randall F and Waterman, Marian L},
  journal={Journal of carcinogenesis},
  volume={10},
  number={1},
  pages={5},
  year={2011},
  publisher={Medknow Publications}
}

@article{art:NiederbergerT2012,
    author = {Niederberger, Theresa and Etzold, Stefanie and Lidschreiber, Michael and Maier, Kerstin C. and Martin, Dietmar E. and Fröhlich, Holger and Cramer, Patrick and Tresch, Achim},
    journal = {PLoS Comput Biol},
    publisher = {Public Library of Science},
    title = {MC EMiNEM Maps the Interaction Landscape of the Mediator},
    year = {2012},
    month = {06},
    volume = {8},
    Hurl = {http://dx.doi.org/10.1371%2Fjournal.pcbi.1002568},
    pages = {e1002568},
    number = {6},
    doi = {10.1371/journal.pcbi.1002568}
}        


@article{art:Polakis2012,
	Author = {Paul Polakis},
	Date-Added = {2013-07-15 08:15:56 +0000},
	Date-Modified = {2013-07-15 08:20:15 +0000},
	Journal = {Cold Spring Harbor Perspectives in Biology},
	Title = {Wnt signaling in cancer},
	Volume = {4},
	Year = {2012}
	}

@article{art:MeloVRM2011,
	Author = {Melo, Felipe deSousa E. and Vermeulen, Louis and Richel, Dick and Medema, Jan Paul},
	Date-Added = {2013-07-15 08:01:02 +0000},
	Date-Modified = {2013-07-15 09:30:58 +0000},
	Journal = {Clinical Cancer Research},
	Title = {Targeting Wnt signaling in colon cancer stem cells},
	Volume = {17},
	Year = {2011},
	}
	
@article{art:AnchangS2009,
author = {Anchang, Benedict and Sadeh, Mohammad J. and Jacob, Juby and Tresch, Achim and Vlad, Marcel O. and Oefner, Peter J. and Spang, Rainer}, 
title = {Modeling the temporal interplay of molecular signaling and gene expression by using dynamic nested effects models},
volume = {106}, 
number = {16}, 
pages = {6447-6452}, 
year = {2009}, 
doi = {10.1073/pnas.0809822106}, 
URL = {http://www.pnas.org/content/106/16/6447.abstract}, 
eprint = {http://www.pnas.org/content/106/16/6447.full.pdf+html}, 
journal = {Proceedings of the National Academy of Sciences} 
}	

@article{art:ZellerFT2009,
	Author = {Zeller, Cordula and Fr\"ohlich, Holger and Tresch, Achim},
	Date-Added = {2013-07-15 09:25:54 +0000},
	Date-Modified = {2013-07-15 09:29:32 +0000},
	Journal = {EURASIP Journal on Bioinformatics and Systems Biology},
	Title = {A Bayesian network view on nested effects models},
	Year = {2009}}	
	
@article{art:FroehlichFSPB2008,
	Author = {Fr\"ohlich, Holger and Fellmann, Mark and S\"ultmann, Holger and Poustka, Annemarie and Beissbarth, Tim},
	Journal = {Bioinformatics},
	Number = {22},
	Pages = {2650-2656},
	Title = {Estimating large-scale signaling networks through nested effect models with intervention effects from microarray data},
	Volume = {24},
	Year = {2008}}	

@article{art:MarkowetzKTS2007,
author = {Markowetz, Florian and Kostka, Dennis and Troyanskaya, Olga G. and Spang, Rainer}, 
title = {Nested effects models for high-dimensional phenotyping screens},
volume = {23}, 
number = {13}, 
pages = {i305-i312}, 
year = {2007}, 
doi = {10.1093/bioinformatics/btm178}, 
eprint = {http://bioinformatics.oxfordjournals.org/content/23/13/i305.full.pdf+html}, 
journal = {Bioinformatics} 
}

@article{art:Banziger2006,
  title={Wntless, a conserved membrane protein dedicated to the secretion of Wnt proteins from signaling cells},
  author={B{\"a}nziger, Carla and Soldini, Davide and Sch{\"u}tt, Corina and Zipperlen, Peder and Hausmann, George and Basler, Konrad},
  journal={Cell},
  volume={125},
  number={3},
  pages={509--522},
  year={2006}
}

@article{art:Bartscherer2006,
  title={Secretion of Wnt ligands requires Evi, a conserved transmembrane protein},
  author={Bartscherer, Kerstin and Pelte, Nad{\`e}ge and Ingelfinger, Dierk and Boutros, Michael},
  journal={Cell},
  volume={125},
  number={3},
  pages={523--533},
  year={2006}
}

@article{art:MarkowetzBS2005,
	Author = {Markowetz, Florian and Bloch, Jacques and Spang, Rainer},
	Journal = {Bioinformatics},
	Number = {21},
	Pages = {4026-4032},
	Title = {Non-transcriptional pathway features reconstructed from secondary effects of RNA interference},
	Volume = {21},
	Year = {2005}}

  @InCollection{art:Smyth2005,
    title = {Limma: linear models for microarray data},
    author = {Gordon K Smyth},
    booktitle = {Bioinformatics and Computational Biology Solutions Using {R} and Bioconductor},
    editor = {R. Gentleman and V. Carey and S. Dudoit and R. Irizarry and W. Huber},
    publisher = {Springer},
    address = {New York},
    year = {2005},
    pages = {397--420},
  }

@article{art:SubramanianM2005,
author = {Subramanian, Aravind and Tamayo, Pablo and Mootha, Vamsi K. and Mukherjee, Sayan and Ebert, Benjamin L. and Gillette, Michael A. and Paulovich, Amanda and Pomeroy, Scott L. and Golub, Todd R. and Lander, Eric S. and Mesirov, Jill P.}, 
title = {Gene set enrichment analysis: A knowledge-based approach for interpreting genome-wide expression profiles},
volume = {102}, 
number = {43}, 
pages = {15545-15550}, 
year = {2005}, 
doi = {10.1073/pnas.0506580102}, 
URL = {http://www.pnas.org/content/102/43/15545.abstract}, 
eprint = {http://www.pnas.org/content/102/43/15545.full.pdf+html}, 
journal = {Proceedings of the National Academy of Sciences of the United States of America} 
}

@article{art:Smyth2014,
  title={voom: precision weights unlock linear model analysis tools for RNA-seq read counts},
  author={Law, Charity W and Chen, Yunshun and Shi, Wei and Smyth, Gordon K},
  journal={Genome Biology},
  volume={15},
  pages={R29},
  year={2014}
}

@article{art:Smyth2004,
	Author = {Gordon K. Smyth},
	Journal = {Statistical Applications in Genetics and Molecular Biology},
	Title = {Linear models and empirical Bayes methods for assessing differential expression in microarray experiments},
	Volume = {3},
	Year = {2004}
}

@article{art:Gaspar2004,
  title={APC dosage effects in tumorigenesis and stem cell differentiation},
  author={Gaspar, Claudia and Fodde, Riccardo and others},
  journal={International Journal of Developmental Biology},
  volume={48},
  pages={377--386},
  year={2004}
}

@article{art:Suzuki2004,
  title={Epigenetic inactivation of SFRP genes allows constitutive WNT signaling in colorectal cancer},
  author={Suzuki, Hiromu and Watkins, D Neil and Jair, Kam-Wing and Schuebel, Kornel E and Markowitz, Sanford D and Chen, Wei Dong and Pretlow, Theresa P and Yang, Bin and Akiyama, Yoshimitsu and van Engeland, Manon and others},
  journal={Nature genetics},
  volume={36},
  number={4},
  pages={417--422},
  year={2004}
}
	
@article{art:FriedmanK2003,
	Author = {Nir Friedman and Daphne Koller},
	Date-Added = {2013-03-15 13:09:42 +0000},
	Date-Modified = {2013-03-15 13:11:44 +0000},
	Journal = {Machine Learning},
	Pages = {95-125},
	Title = {Being {B}ayesian about Bayesian network structure. A {B}ayesian approach to structure discovery in {B}ayesian networks},
	Volume = {50},
	Year = {2003}
}

@article{art:Sekine2002,
  title={Target disruption of the mutant beta-catenin gene in colon cancer cell line HCT116: preservation of its malignant phenotype.},
  author={Sekine, Shigeki and Shibata, Tatsuhiro and Sakamoto, Michiie and Hirohashi, Setsuo},
  journal={Oncogene},
  volume={21},
  number={38},
  pages={5906},
  year={2002}
}

@article{art:Albuquerque2002,
  title={The ‘just-right’signaling model: APC somatic mutations are selected based on a specific level of activation of the $\beta$-catenin signaling cascade},
  author={Albuquerque, Cristina and Breukel, Cor and van der Luijt, Rob and Fidalgo, Paulo and Lage, Pedro and Slors, Frederik JM and Leit{\~a}o, C Nobre and Fodde, Riccardo and Smits, Ron},
  journal={Human molecular genetics},
  volume={11},
  number={13},
  pages={1549--1560},
  year={2002}
}

@article{art:Sadot2002,
  title={Regulation of S33/S37 phosphorylated $\beta$-catenin in normal and transformed cells},
  author={Sadot, Einat and Conacci-Sorrell, Maralice and Zhurinsky, Jacob and Shnizer, Dalia and Lando, Zeev and Zharhary, Dorit and Kam, Zvi and Ben-Ze'ev, Avri and Geiger, Benjamin},
  journal={Journal of cell science},
  volume={115},
  number={13},
  pages={2771--2780},
  year={2002}}
}

@article{art:Sparks98,
  title={Mutational analysis of the APC/$\beta$-catenin/Tcf pathway in colorectal cancer},
  author={Sparks, Andrew B and Morin, Patrice J and Vogelstein, Bert and Kinzler, Kenneth W},
  journal={Cancer research},
  volume={58},
  number={6},
  pages={1130--1134},
  year={1998}
}

@article{art:Morin1997,
  title={Activation of $\beta$-catenin-Tcf signaling in colon cancer by mutations in $\beta$-catenin or APC},
  author={Morin, Patrice J and Sparks, Andrew B and Korinek, Vladimir and Barker, Nick and Clevers, Hans and Vogelstein, Bert and Kinzler, Kenneth W},
  journal={Science},
  volume={275},
  number={5307},
  pages={1787--1790},
  year={1997}
}

@article{art:Korinek97,
  title={Constitutive transcriptional activation by a $\beta$-catenin-Tcf complex in APC-/- colon carcinoma},
  author={Korinek, Vladimir and Barker, Nick and Morin, Patrice J and van Wichen, Dick and de Weger, Roel and Kinzler, Kenneth W and Vogelstein, Bert and Clevers, Hans},
  journal={Science},
  volume={275},
  number={5307},
  pages={1784--1787},
  year={1997}
}

@article{art:Ilyas97,
  title={$\beta$-Catenin mutations in cell lines established from human colorectal cancers},
  author={Ilyas, M and Tomlinson, IPM and Rowan, A and Pignatelli, M and Bodmer, WF},
  journal={Proceedings of the National Academy of Sciences},
  volume={94},
  number={19},
  pages={10330--10334},
  year={1997},
  publisher={National Acad Sciences}
}	

@article{art:KassR95,
	Author = {Robert E. Kass and Adrian E. Raftery},
	Editor = {American Statistical Association},
	Journal = {Journal of the American Statistical Association},
	Month = jun,
	Number = {430},
	Pages = {773--795},
	Title = {Bayes Factors},
	Volume = {90},
	Year = {1995}
}
